<record><leader>00000cas a22000007a 4500</leader><controlfield tag="001">22377287</controlfield><controlfield tag="008">900914d197619uumauwr ne      0    0eng d</controlfield><datafield ind1=" " ind2=" " tag="010"><subfield code="a">sn 89062475 </subfield></datafield><datafield ind1=" " ind2=" " tag="040"><subfield code="a">MGN</subfield><subfield code="b">eng</subfield><subfield code="c">MGN</subfield><subfield code="d">OCLCQ</subfield></datafield><datafield ind1=" " ind2=" " tag="042"><subfield code="a">msc</subfield></datafield><datafield ind1="0" ind2=" " tag="130"><subfield code="a">Ashburnham pilot and Westminster times (Ashburnham, Mass. : 1976)</subfield></datafield><datafield ind1="1" ind2="0" tag="245"><subfield code="a">Ashburnham pilot and Westminster times.</subfield></datafield><datafield ind1=" " ind2=" " tag="260"><subfield code="a">Ashburnham, Mass. :</subfield><subfield code="b">Richard J. Altobelli</subfield></datafield><datafield ind1=" " ind2=" " tag="300"><subfield code="a">v.</subfield></datafield><datafield ind1=" " ind2=" " tag="310"><subfield code="a">Weekly</subfield></datafield><datafield ind1="0" ind2=" " tag="362"><subfield code="a">Vol. 3, no. 41 (Oct. 7, 1976)-</subfield></datafield><datafield ind1=" " ind2=" " tag="752"><subfield code="a">United States</subfield><subfield code="b">Massachusetts</subfield><subfield code="c">Worcester</subfield><subfield code="d">Ashburnham.</subfield></datafield><datafield ind1=" " ind2=" " tag="752"><subfield code="a">United States</subfield><subfield code="b">Massachusetts</subfield><subfield code="c">Worcester</subfield><subfield code="d">Westminster.</subfield></datafield><datafield ind1="0" ind2="0" tag="780"><subfield code="t">North County pilot</subfield><subfield code="w">(DLC)sn 89062435</subfield></datafield></record>